@incollection{Anthia,
    title = {{A Dynamic Epistemic Logic for Resource-Bounded Agents}},
    year = {2018},
    booktitle = {The Logica Yearbook 2018},
    author = {Anthia, Solak},
    number = {322},
    pages = {1--16},
    url = {https://www.academia.edu/39685131/A_Dynamic_Epistemic_Logic_for_Resource-Bounded_Agents},
    keywords = {bounded ratio-, dynamic epistemic logic, impossible worlds, logical omniscience, nality, resource-bounded agents, rule-based agents},
    language = {english}
}

@article{Rubio-Fernandez2013a,
    title = {{How to Pass the False-Belief Task Before Your Fourth Birthday}},
    year = {2013},
    journal = {Psychological Science},
    author = {Rubio-Fern{\'{a}}ndez, Paula and Geurts, Bart and Rubio-Fernandez, P. and Geurts, Bart},
    number = {1},
    month = {1},
    pages = {27--33},
    volume = {24},
    url = {http://pss.sagepub.com/lookup/doi/10.1177/0956797612447819 http://www.pubmedcentral.nih.gov/articlerender.fcgi?artid=4107839&tool=pmcentrez&rendertype=abstract},
    doi = {10.1177/0956797612447819},
    issn = {0956-7976},
    pmid = {23175524},
    keywords = {Age Factors, Attention, Child, Culture, Female, Humans, Male, Memory, Orientation, Preschool, Short-Term, Theory of Mind}
}

@article{VandePol2018,
    title = {{Parameterized Complexity of Theory of Mind Reasoning in Dynamic Epistemic Logic}},
    year = {2018},
    journal = {Journal of Logic, Language and Information},
    author = {van de Pol, Iris and van Rooij, Iris and Szymanik, Jakub},
    number = {3},
    month = {9},
    pages = {255--294},
    volume = {27},
    publisher = {Springer Netherlands},
    url = {https://doi.org/10.1007/s10849-018-9268-4 http://link.springer.com/10.1007/s10849-018-9268-4},
    doi = {10.1007/s10849-018-9268-4},
    issn = {15729583},
    arxivId = {1606.07526},
    keywords = {Computational-level analysis, Dynamic epistemic logic, Higher-order reasoning, Intractability, Parameterized complexity, Theory of mind},
    language = {english}
}

@article{Ghosh2014,
    title = {{Strategic Reasoning: Building Cognitive Models from Logical Formulas}},
    year = {2014},
    journal = {Journal of Logic, Language and Information},
    author = {Ghosh, Sujata and Meijering, Ben and Verbrugge, Rineke},
    number = {1},
    month = {3},
    pages = {1--29},
    volume = {23},
    url = {http://link.springer.com/10.1007/s10849-014-9196-x},
    doi = {10.1007/s10849-014-9196-x},
    issn = {0925-8531},
    keywords = {cognitive modeling, experimental studies, logical frameworks, strategic reasoning},
    language = {english}
}

@article{Balbiani2019TheAgents,
    title = {{The Dynamics of Epistemic Attitudes in Resource-Bounded Agents}},
    year = {2019},
    journal = {Studia Logica},
    author = {Balbiani, Philippe and Fern{\'{a}}ndez-Duque, David and Lorini, Emiliano},
    number = {3},
    month = {6},
    pages = {457--488},
    volume = {107},
    url = {http://link.springer.com/10.1007/s11225-018-9798-4},
    doi = {10.1007/s11225-018-9798-4},
    issn = {0039-3215},
    language = {english}
}

@article{Solaki2019TheThinking,
    title = {{The Logic of Fast and Slow Thinking}},
    year = {2019},
    journal = {Erkenntnis},
    author = {Solaki, Anthia and Berto, Francesco and Smets, Sonja},
    month = {6},
    url = {http://link.springer.com/10.1007/s10670-019-00128-z},
    doi = {10.1007/s10670-019-00128-z},
    issn = {0165-0106},
    language = {english}
}

@article{Szymanik2018TractabilityMind,
    title = {{Tractability and the computational mind}},
    year = {2018},
    author = {Szymanik, Jakub},
    number = {January 2018},
    pages = {1--28},
    language = {english}
}

@book{2009,
    title = {{Лекции о сложности алгоритмов}},
    year = {2009},
    author = {Абрамов, Сергей Александрович},
    pages = {256},
    publisher = {Издательство МЦНМО},
    address = {М.},
    language = {russian}
}